[gd_scene load_steps=12 format=2]

[ext_resource path="res://Assets/Fonts/Title Font.tres" type="DynamicFont" id=1]
[ext_resource path="res://Assets/Fonts/Option Font.tres" type="DynamicFont" id=2]
[ext_resource path="res://Scripts/New Game.gd" type="Script" id=3]
[ext_resource path="res://Scripts/Stage Select.gd" type="Script" id=4]
[ext_resource path="res://Scripts/Exit.gd" type="Script" id=5]
[ext_resource path="res://Assets/kenney_platformerpack/Spritesheets/spritesheet_alien.png" type="Texture" id=6]
[ext_resource path="res://Scripts/Alien Icon.gd" type="Script" id=7]

[sub_resource type="Animation" id=1]
resource_name = "Walk"
length = 0.5
tracks/0/type = "value"
tracks/0/path = NodePath(".:frame")
tracks/0/interp = 1
tracks/0/loop_wrap = true
tracks/0/imported = false
tracks/0/enabled = true
tracks/0/keys = {
"times": PoolRealArray( 0.0168584, 0.2 ),
"transitions": PoolRealArray( 1, 1 ),
"update": 1,
"values": [ 0, 1 ]
}

[sub_resource type="Animation" id=2]
resource_name = "Walk"
length = 0.5
tracks/0/type = "value"
tracks/0/path = NodePath(".:frame")
tracks/0/interp = 1
tracks/0/loop_wrap = true
tracks/0/imported = false
tracks/0/enabled = true
tracks/0/keys = {
"times": PoolRealArray( 0.0168584, 0.2 ),
"transitions": PoolRealArray( 1, 1 ),
"update": 1,
"values": [ 0, 1 ]
}

[sub_resource type="Animation" id=3]
resource_name = "Walk"
length = 0.5
tracks/0/type = "value"
tracks/0/path = NodePath(".:frame")
tracks/0/interp = 1
tracks/0/loop_wrap = true
tracks/0/imported = false
tracks/0/enabled = true
tracks/0/keys = {
"times": PoolRealArray( 0.0168584, 0.2 ),
"transitions": PoolRealArray( 1, 1 ),
"update": 1,
"values": [ 0, 1 ]
}

[sub_resource type="StreamTexture" id=4]
flags = 4
load_path = "res://.import/space.png-57912e1b6ea3bded30b0feca08e4f8c8.stex"

[node name="MainMenu" type="MarginContainer"]
anchor_right = 1.0
anchor_bottom = 1.0
margin_right = -3.0
custom_constants/margin_right = 120
custom_constants/margin_top = 80
custom_constants/margin_left = 120
custom_constants/margin_bottom = 80

[node name="HBoxContainer" type="HBoxContainer" parent="."]
margin_left = 120.0
margin_top = 80.0
margin_right = 901.0
margin_bottom = 520.0

[node name="VBoxContainer" type="VBoxContainer" parent="HBoxContainer"]
margin_right = 302.0
margin_bottom = 440.0

[node name="Label" type="Label" parent="HBoxContainer/VBoxContainer"]
margin_right = 302.0
margin_bottom = 247.0
custom_fonts/font = ExtResource( 1 )
text = "Alien
RUN"
uppercase = true

[node name="VBoxContainer" type="VBoxContainer" parent="HBoxContainer/VBoxContainer"]
margin_top = 251.0
margin_right = 302.0
margin_bottom = 440.0
size_flags_vertical = 3
custom_constants/separation = 30
alignment = 1

[node name="New Game" type="LinkButton" parent="HBoxContainer/VBoxContainer/VBoxContainer"]
margin_top = 12.0
margin_right = 302.0
margin_bottom = 47.0
custom_fonts/font = ExtResource( 2 )
custom_colors/font_color = Color( 1, 1, 1, 1 )
custom_colors/font_color_hover = Color( 0.552941, 0.772549, 0.4, 1 )
text = "New Game"
script = ExtResource( 3 )
scene_to_load = "Level 1"

[node name="Stage Select" type="LinkButton" parent="HBoxContainer/VBoxContainer/VBoxContainer"]
margin_top = 77.0
margin_right = 302.0
margin_bottom = 112.0
custom_fonts/font = ExtResource( 2 )
custom_colors/font_color = Color( 1, 1, 1, 1 )
custom_colors/font_color_hover = Color( 0.552941, 0.772549, 0.4, 1 )
text = "Stage Select"
script = ExtResource( 4 )

[node name="Exit" type="LinkButton" parent="HBoxContainer/VBoxContainer/VBoxContainer"]
margin_top = 142.0
margin_right = 302.0
margin_bottom = 177.0
custom_fonts/font = ExtResource( 2 )
custom_colors/font_color = Color( 1, 1, 1, 1 )
custom_colors/font_color_hover = Color( 0.552941, 0.772549, 0.4, 1 )
text = "Exit"
script = ExtResource( 5 )

[node name="CenterContainer" type="CenterContainer" parent="HBoxContainer"]
editor/display_folded = true
margin_left = 306.0
margin_right = 306.0
margin_bottom = 440.0

[node name="Icon" type="Sprite" parent="HBoxContainer/CenterContainer"]
position = Vector2( 128.299, 192.448 )
texture = ExtResource( 6 )
hframes = 4
frame = 2
script = ExtResource( 7 )

[node name="Animator" type="AnimationPlayer" parent="HBoxContainer/CenterContainer/Icon"]
anims/Walk = SubResource( 1 )

[node name="Icon 2" type="Sprite" parent="HBoxContainer/CenterContainer"]
position = Vector2( 257.356, 193.35 )
texture = ExtResource( 6 )
hframes = 4
frame = 2
script = ExtResource( 7 )

[node name="Animator" type="AnimationPlayer" parent="HBoxContainer/CenterContainer/Icon 2"]
anims/Walk = SubResource( 2 )

[node name="Icon 3" type="Sprite" parent="HBoxContainer/CenterContainer"]
position = Vector2( 379.356, 193.35 )
texture = ExtResource( 6 )
hframes = 4
frame = 2
script = ExtResource( 7 )

[node name="Animator" type="AnimationPlayer" parent="HBoxContainer/CenterContainer/Icon 3"]
anims/Walk = SubResource( 3 )

[node name="ParallaxBackground" type="ParallaxBackground" parent="."]

[node name="ParallaxLayer" type="ParallaxLayer" parent="ParallaxBackground"]

[node name="Sprite" type="Sprite" parent="ParallaxBackground/ParallaxLayer"]
scale = Vector2( 0.531797, 0.554578 )
texture = SubResource( 4 )
centered = false
[connection signal="pressed" from="HBoxContainer/VBoxContainer/VBoxContainer/New Game" to="HBoxContainer/VBoxContainer/VBoxContainer/New Game" method="_on_New_Game_pressed"]
[connection signal="pressed" from="HBoxContainer/VBoxContainer/VBoxContainer/Stage Select" to="HBoxContainer/VBoxContainer/VBoxContainer/Stage Select" method="_on_Stage_Select_pressed"]
[connection signal="pressed" from="HBoxContainer/VBoxContainer/VBoxContainer/Exit" to="HBoxContainer/VBoxContainer/VBoxContainer/Exit" method="_on_Exit_pressed"]
