[gd_scene load_steps=8 format=2]

[ext_resource path="res://Assets/Fonts/Title Font.tres" type="DynamicFont" id=1]
[ext_resource path="res://Assets/Fonts/Option Font.tres" type="DynamicFont" id=2]
[ext_resource path="res://Scripts/Main Menu.gd" type="Script" id=3]
[ext_resource path="res://Scripts/Final Score.gd" type="Script" id=4]
[ext_resource path="res://Assets/kenney_platformerpack/Spritesheets/spritesheet_alien.png" type="Texture" id=5]
[ext_resource path="res://Scripts/Win Icon.gd" type="Script" id=6]

[sub_resource type="Animation" id=1]
resource_name = "Jump"
tracks/0/type = "value"
tracks/0/path = NodePath(".:frame")
tracks/0/interp = 1
tracks/0/loop_wrap = true
tracks/0/imported = false
tracks/0/enabled = true
tracks/0/keys = {
"times": PoolRealArray( 0, 0.2, 0.4, 0.8 ),
"transitions": PoolRealArray( 1, 1, 1, 1 ),
"update": 0,
"values": [ 0, 1, 3, 2 ]
}

[node name="Game Over" type="ColorRect"]
anchor_right = 1.0
anchor_bottom = 1.0
color = Color( 0.0941176, 0.560784, 0.552941, 1 )

[node name="Label" type="Label" parent="."]
anchor_right = 1.0
margin_left = 20.0
margin_top = 28.0
margin_right = -27.0
margin_bottom = 150.0
custom_fonts/font = ExtResource( 1 )
text = "Congratulations"
uppercase = true

[node name="Main Menu" type="LinkButton" parent="."]
margin_left = 397.05
margin_top = 413.35
margin_right = 634.05
margin_bottom = 454.35
custom_fonts/font = ExtResource( 2 )
text = "Main Menu"
script = ExtResource( 3 )

[node name="Scores" type="Label" parent="."]
margin_left = 327.0
margin_top = 173.0
margin_right = 645.0
margin_bottom = 228.0
custom_fonts/font = ExtResource( 2 )
script = ExtResource( 4 )

[node name="Icon" type="Sprite" parent="."]
position = Vector2( 506.098, 269.176 )
texture = ExtResource( 5 )
hframes = 4
frame = 2
script = ExtResource( 6 )

[node name="Animator" type="AnimationPlayer" parent="Icon"]
anims/Jump = SubResource( 1 )
[connection signal="pressed" from="Main Menu" to="Main Menu" method="_on_Main_Menu_pressed"]
